
@book{biber1988variation,
  title={Variation across speech and writing},
  author={Biber, Douglas},
  year={1988},
  publisher={Cambridge University Press},
  doi={10.1017/CBO9780511621024},
  url={https://doi.org/10.1017/CBO9780511621024}
}

@article{biber1985investigating,
  title={Investigating macroscopic textual variation through multifeature/multidimensional analyses},
  author={Biber, Douglas},
  year={1985},
  publisher={Walter de Gruyter, Berlin/New York Berlin, New York},
  doi={10.1515/ling.1985.23.2.337},
  url={https://doi.org/10.1515/ling.1985.23.2.337}
}

@article{reinhart2024llms,
  title={Do LLMs write like humans? Variation in grammatical and rhetorical styles},
  author={Reinhart, Alex and Brown, David West and Markey, Ben and Laudenbach, Michael and Pantusen, Kachatad and Yurko, Ronald and Weinberg, Gordon},
  journal={arXiv preprint arXiv:2410.16107},
  year={2024},
  doi={10.48550/arXiv.2410.16107},
  url={https://doi.org/10.48550/arXiv.2410.16107}
}


