
@misc{sture_oysstupyxtf_2025,
	title = {oysstu/pyxtf},
	copyright = {MIT},
	url = {https://github.com/oysstu/pyxtf},
	abstract = {A python library for reading and writing eXtended Triton Format (XTF) files},
	urldate = {2025-02-25},
	author = {Sture, Ã˜ystein},
	month = feb,
	year = {2025},
	note = {original-date: 2016-06-29T09:29:56Z},
}

@misc{noauthor_xtf_nodate,
	title = {{XTF} file format information},
	url = {https://www.exail.com/resources/knowledge-center/xtf-file-format-information},
	abstract = {Everything you need to know about the XTF file format for data processing.},
	language = {en},
	urldate = {2025-02-25},
	journal = {Exail},
}

@article{chang_sidescan_2010,
	title = {{SIDESCAN} {SONAR} {IMAGE} {PROCESSING}:{CORRECTING} {BRIGHTNESS} {VARIATION} {AND} {PATCHING} {GAPS}},
	volume = {18},
	issn = {2709-6998},
	shorttitle = {{SIDESCAN} {SONAR} {IMAGE} {PROCESSING}},
	url = {https://jmstt.ntou.edu.tw/journal/vol18/iss6/1},
	doi = {10.51400/2709-6998.1935},
	number = {6},
	journal = {Journal of Marine Science and Technology},
	author = {Chang, Yet-Chung and Hsu, Shu-Kun and Tsai, Ching-Hui},
	month = dec,
	year = {2010},
}

@misc{noauthor_chesapeake_nodate,
	title = {Chesapeake {Technology} - {Makers} of {SonarWiz}},
	url = {https://chesapeaketech.com/},
	urldate = {2024-12-06},
}

@misc{wada_labelme_2024,
	title = {Labelme: {Image} {Polygonal} {Annotation} with {Python}},
	shorttitle = {Labelme},
	url = {https://github.com/wkentaro/labelme},
	abstract = {Image Polygonal Annotation with Python (polygon, rectangle, circle, line, point and image-level flag annotation).},
	urldate = {2024-11-15},
	author = {Wada, Kentaro},
	month = nov,
	year = {2024},
	doi = {10.5281/zenodo.5711226},
}

@article{lin_microsoft_2014,
	title = {Microsoft {COCO}: {Common} {Objects} in {Context}},
	volume = {abs/1405.0312},
	url = {http://arxiv.org/abs/1405.0312},
	journal = {CoRR},
	author = {Lin, Tsung-Yi and Maire, Michael and Belongie, Serge J and Bourdev, Lubomir D and Girshick, Ross B and Hays, James and Perona, Pietro and Ramanan, Deva and Doll'a r, Piotr and Zitnick, C Lawrence},
	year = {2014},
	note = {arXiv: 1405.0312},
}

@misc{noauthor_edgetech_nodate,
	title = {{EdgeTech}},
	url = {https://www.edgetech.com/},
	urldate = {2023-05-02},
}
